<?xml version="1.0" encoding="UTF-8"?><collection xmlns="http://www.loc.gov/MARC21/slim"><record><leader>00348nam--2200121-i-4500</leader><controlfield tag="001">000032720</controlfield><controlfield tag="002">20161230</controlfield><controlfield tag="005">20161230201039</controlfield><controlfield tag="008">060222s1000------------r-----000-0-eng-d</controlfield><datafield ind1=" " ind2=" " tag="245"><subfield code="a">Kernenenergie. gewinnung und nutzung</subfield></datafield><datafield ind1=" " ind2=" " tag="260"><subfield code="a">Berlin, Veb Verlag Technik, 1959. 248p</subfield></datafield><datafield ind1=" " ind2=" " tag="490"><subfield code="a">Kollektiv Deutscher Und Franzosischer Wissenschaftler</subfield></datafield><datafield ind1=" " ind2=" " tag="852"><subfield code="a">7134</subfield></datafield></record></collection>